@article{hernandez2020evaluating,
	title={{Evaluating how smartphone contact tracing technology can reduce the spread of infectious diseases: the case of COVID-19}},
	author={Hern{\'a}ndez-Orallo et al.},
	journal={Ieee Access},
	volume={8},
	pages={99083--99097},
	year={2020},
	publisher={IEEE}
}

@misc{mahmood2021contextual,
	Title={{Contextual Contact Tracing based on Stochastic Compartment Modeling and Spatial Risk Assessment}},
	Author={Mahmood, Mateen and Mateu, Jorge and Orallo, Enrique Hern√°ndez},
	Year={2021}
}

@inproceedings{SUMO2018,
	title = {{Microscopic Traffic Simulation using SUMO}},
	author = {Pablo A. Lopez et al.},
	publisher = {IEEE},
	booktitle = {The 21st IEEE International Conference on Intelligent Transportation Systems},
	year = {2018},
	journal = {IEEE Intelligent Transportation Systems Conference (ITSC)},
	keywords = {traffic simulation, modelling, optimization},
	url = {https://elib.dlr.de/124092/}
}

@book{moraga2019geospatial,
	title={Geospatial health data: Modeling and visualization with R-INLA and shiny},
	author={Moraga, Paula},
	year={2019},
	publisher={Chapman and Hall/CRC}
}
